<record><leader>00000cas a22000007a 4500</leader><controlfield tag="001">15538487</controlfield><controlfield tag="008">870416d19281933inudn ne      0    0eng d</controlfield><datafield ind1=" " ind2=" " tag="010"><subfield code="a">sn 87055755 </subfield></datafield><datafield ind1=" " ind2=" " tag="040"><subfield code="a">NPI</subfield><subfield code="b">eng</subfield><subfield code="c">NPI</subfield><subfield code="d">OCLCQ</subfield></datafield><datafield ind1=" " ind2=" " tag="042"><subfield code="a">msc</subfield></datafield><datafield ind1="0" ind2="4" tag="245"><subfield code="a">The Whiting evening times.</subfield></datafield><datafield ind1=" " ind2=" " tag="260"><subfield code="a">Whiting, Ind. :</subfield><subfield code="b">[Lake County Print. &amp; Pub. Co.],</subfield><subfield code="c">1928-1933.</subfield></datafield><datafield ind1=" " ind2=" " tag="310"><subfield code="a">Daily (except Sun.)</subfield></datafield><datafield ind1="1" ind2=" " tag="362"><subfield code="a">Vol. 1, no. 1 (Apr. 2, 1928)-v. 28, no. 59 (Aug. 26, 1933).</subfield></datafield><datafield ind1=" " ind2=" " tag="500"><subfield code="a">Contents almost identical with: The Gary evening times, The Times (East Chicago, Ind.), The Calumet City times, and: The Lake County times.</subfield></datafield><datafield ind1=" " ind2=" " tag="752"><subfield code="a">United States</subfield><subfield code="b">Indiana</subfield><subfield code="c">Lake</subfield><subfield code="d">Whiting.</subfield></datafield><datafield ind1="1" ind2=" " tag="775"><subfield code="t">Gary evening times</subfield><subfield code="w">(DLC)sn 87055753</subfield></datafield><datafield ind1="1" ind2=" " tag="775"><subfield code="t">Times (East Chicago, Ind.)</subfield><subfield code="w">(DLC)sn 87055752</subfield></datafield><datafield ind1="1" ind2=" " tag="775"><subfield code="t">Calumet City times</subfield><subfield code="w">(DLC)sn 87055754</subfield></datafield><datafield ind1="1" ind2=" " tag="775"><subfield code="t">Lake County times</subfield><subfield code="w">(DLC)sn 86058242</subfield><subfield code="w">(OCoLC)15306883</subfield></datafield></record>